<?xml version="1.0" encoding="UTF-8"?>
<record xmlns="http://www.loc.gov/MARC21/slim" xmlns:xsi="http://www.w3.org/2001/XMLSchema-instance" xsi:schemaLocation="http://www.loc.gov/MARC21/slim http://www.loc.gov/standards/marcxml/schema/MARC21slim.xsd">
<leader>     nam a2200397 a 4500</leader>
<controlfield tag="001">001676900</controlfield>
<controlfield tag="003">NNU</controlfield>
<controlfield tag="005">20061010173153.0</controlfield>
<controlfield tag="008">991122s1932    le            001 0 ara d</controlfield>
<datafield tag="035" ind1="9" ind2=" ">
<subfield code="a">NYUb12220265</subfield>
</datafield>
<datafield tag="035" ind1=" " ind2=" ">
<subfield code="a">(NNU)NYUb12220265</subfield>
</datafield>
<datafield tag="040" ind1=" " ind2=" ">
<subfield code="a">WaU</subfield>
<subfield code="c">WaU</subfield>
<subfield code="d">MH</subfield>
<subfield code="d">CStRLIN</subfield>
<subfield code="d">UaCaAUL</subfield>
</datafield>
<datafield tag="041" ind1="0" ind2=" ">
<subfield code="a">araeng</subfield>
</datafield>
<datafield tag="050" ind1=" " ind2="4">
<subfield code="a">PJ7745.I84</subfield>
<subfield code="b">Z33 1932</subfield>
</datafield>
<datafield tag="066" ind1=" " ind2=" ">
<subfield code="c">(3</subfield>
</datafield>
<datafield tag="090" ind1=" " ind2=" ">
<subfield code="a">PJ7615</subfield>
<subfield code="b">.I7</subfield>
</datafield>
<datafield tag="100" ind1="1" ind2=" ">
<subfield code="a">Ibn Dāwūd al-Iṣfahānī, Abū Bakr Muḥammad,</subfield>
<subfield code="d">868 or 9-909 or 10</subfield>
<subfield code="6">880-01</subfield>
</datafield>
<datafield tag="240" ind1="1" ind2="0">
<subfield code="6">880-02</subfield>
<subfield code="a">Zahrah</subfield>
</datafield>
<datafield tag="245" ind1="1" ind2="3">
<subfield code="6">880-03</subfield>
<subfield code="a">al-Niṣf al-awwal min Kitāb al-zahrah /</subfield>
<subfield code="c">taʼlīf Abī Bakr Muḥammad ibn Abī Sulaymān al-Iṣfahānī ; iʻtaná bi-nashrih Luwīs Nīkl al-Būhaymī bi-musāʻadat Ibrāhīm ʻAbd al-Fattāḥ Ṭūqān.</subfield>
</datafield>
<datafield tag="246" ind1="3" ind2="0">
<subfield code="6">880-04</subfield>
<subfield code="a">Kitāb al-zahrah</subfield>
</datafield>
<datafield tag="246" ind1="1" ind2="5">
<subfield code="a">Book of the flower</subfield>
</datafield>
<datafield tag="260" ind1=" " ind2=" ">
<subfield code="6">880-05</subfield>
<subfield code="a">Bayrūt :</subfield>
<subfield code="b">Maṭbaʻat al-Ābāʼ al-Yasūʻiyīn,</subfield>
<subfield code="c">1932.</subfield>
</datafield>
<datafield tag="300" ind1=" " ind2=" ">
<subfield code="a">406, 8 p. ;</subfield>
<subfield code="c">25 cm.</subfield>
</datafield>
<datafield tag="490" ind1="1" ind2=" ">
<subfield code="a">Studies in ancient oriental civilization ;</subfield>
<subfield code="v">no. 6</subfield>
</datafield>
<datafield tag="500" ind1=" " ind2=" ">
<subfield code="a">"Tubiʻa li-awwal marrah naqlan ʻan al-nuskhah al-waḥīdah al-makhṭūṭah fī Dār al-Kutub al-Miṣr"̄--T. p.</subfield>
</datafield>
<datafield tag="500" ind1=" " ind2=" ">
<subfield code="a">Added t.p. and foreword in English with imprint: Chicago University Press.</subfield>
</datafield>
<datafield tag="500" ind1=" " ind2=" ">
<subfield code="a">Title on added t. p.: Kitāb Al-Zahrah (The book of the flower)</subfield>
</datafield>
<datafield tag="500" ind1=" " ind2=" ">
<subfield code="a">Includes indexes.</subfield>
</datafield>
<datafield tag="700" ind1="1" ind2=" ">
<subfield code="a">Nykl, A. R.</subfield>
<subfield code="q">(Alois Richard),</subfield>
<subfield code="d">b. 1885.</subfield>
</datafield>
<datafield tag="700" ind1="1" ind2=" ">
<subfield code="a">Ṭūqān, Ibrāhīm ʻAbd al-Fattāḥ,</subfield>
<subfield code="d">1905-1941.</subfield>
</datafield>
<datafield tag="880" ind1="1" ind2=" ">
<subfield code="6">100-01/</subfield>
<subfield code="a">إبن داود الاصفهاني، أبو بكر محمد.</subfield>
</datafield>
<datafield tag="880" ind1="1" ind2="2">
<subfield code="6">240-02/</subfield>
<subfield code="a">الزهرة</subfield>
</datafield>
<datafield tag="880" ind1="1" ind2="2">
<subfield code="6">245-03/</subfield>
<subfield code="a">النصف الأول من كتاب الزهرة /</subfield>
<subfield code="c">تأليف أبي بكر محمد بن أبي سليمن داود الاصفهاني ؛ اعتنى بنشره لويس نيكل البوهيمي بمساعدة ابراهيم عبد الفتاح طوقان.</subfield>
</datafield>
<datafield tag="880" ind1="3" ind2="0">
<subfield code="6">246-04/</subfield>
<subfield code="a">كتاب الزهرة</subfield>
</datafield>
<datafield tag="880" ind1=" " ind2=" ">
<subfield code="6">260-05/</subfield>
<subfield code="a">بيروت :</subfield>
<subfield code="b">مطبعة الآباء اليسوعيين،</subfield>
<subfield code="c">1932.</subfield>
</datafield>
<datafield tag="830" ind1=" " ind2="0">
<subfield code="a">Studies in ancient oriental civilization ;</subfield>
<subfield code="v">no. 6.</subfield>
</datafield>
<datafield tag="OWN" ind1=" " ind2=" ">
<subfield code="a">GENERAL</subfield>
</datafield>
<datafield tag="998" ind1=" " ind2=" ">
<subfield code="a">20010429</subfield>
<subfield code="d">20010429</subfield>
<subfield code="d">20021006</subfield>
<subfield code="n">NNU</subfield>
<subfield code="s">6</subfield>
<subfield code="t">c</subfield>
<subfield code="z">p</subfield>
</datafield>
<datafield tag="AVA" ind1=" " ind2=" ">
<subfield code="a">NYU50</subfield>
<subfield code="b">BOBST</subfield>
<subfield code="c">Main Collection</subfield>
<subfield code="d">PJ7615 .I7</subfield>
<subfield code="e">unavailable</subfield>
<subfield code="t">Unavailable</subfield>
<subfield code="f">1</subfield>
<subfield code="g">1</subfield>
<subfield code="h">N</subfield>
<subfield code="i">2</subfield>
<subfield code="j">MAIN</subfield>
</datafield>
</record>
